@INPROCEEDINGS{323794,
author={Shi, J. and Tomasi, C.},
booktitle={Computer Vision and Pattern Recognition, 1994. Proceedings CVPR '94., 1994 IEEE Computer Society Conference on},
title={Good features to track},
year={1994},
pages={593-600},
keywords={computer vision;feature extraction;tracking;Newton-Raphson style search methods;affine image transformations;disocclusions;feature monitoring;feature selection;feature-based;occlusions;performance;tracker;tracking;vision system;Feature extraction;Machine vision;Tracking},
doi={10.1109/CVPR.1994.323794},
ISSN={1063-6919},
month={Jun},}